<record><leader>00000cas a22000007a 4500</leader><controlfield tag="001">12351949</controlfield><controlfield tag="008">850806d18661884tnuwr ne      0    0eng d</controlfield><datafield ind1=" " ind2=" " tag="010"><subfield code="a">sn 85033963 </subfield></datafield><datafield ind1=" " ind2=" " tag="040"><subfield code="a">NPU</subfield><subfield code="b">eng</subfield><subfield code="c">NPU</subfield><subfield code="d">NPX</subfield><subfield code="d">NSD</subfield><subfield code="d">MGN</subfield><subfield code="d">TGN</subfield><subfield code="d">OCLCQ</subfield><subfield code="d">OCLCF</subfield><subfield code="d">OCLCO</subfield></datafield><datafield ind1=" " ind2=" " tag="042"><subfield code="a">msc</subfield></datafield><datafield ind1=" " ind2=" " tag="043"><subfield code="a">n-us-tn</subfield></datafield><datafield ind1=" " ind2="4" tag="050"><subfield code="a">AN48.P37</subfield><subfield code="b">P37</subfield></datafield><datafield ind1="0" ind2=" " tag="130"><subfield code="a">Weekly intelligencer (Paris, Tenn. : 1866)</subfield></datafield><datafield ind1="1" ind2="4" tag="245"><subfield code="a">The weekly intelligencer.</subfield></datafield><datafield ind1="1" ind2="3" tag="246"><subfield code="a">Intelligencer</subfield></datafield><datafield ind1="1" ind2="3" tag="246"><subfield code="a">Paris intelligencer</subfield></datafield><datafield ind1=" " ind2=" " tag="260"><subfield code="a">Paris, Tenn. :</subfield><subfield code="b">Porter, Covington &amp; Wall</subfield></datafield><datafield ind1=" " ind2=" " tag="300"><subfield code="a">v. ;</subfield><subfield code="c">56 cm.</subfield></datafield><datafield ind1=" " ind2=" " tag="310"><subfield code="a">Weekly</subfield></datafield><datafield ind1="1" ind2=" " tag="362"><subfield code="a">Began Mar. 30, 1866; ceased Oct. 3, 1884?</subfield></datafield><datafield ind1=" " ind2=" " tag="500"><subfield code="a">Publishers: W.B. Porter, R.H. Covington &amp; H.W. Wall, 1866; W.B. Porter &amp; H.W. Wall, 1866; W.B. Porter, 1866-&lt;1868&gt;; J.D.C. Atkins &amp; W.R. Hamby, &lt;1869&gt;-1870; W.R. Hamby, 1870-1871; R.M. Dickenson &amp; Co., 1871-1881; R.M. Dickenson and M. McGrath, 1881-1882; M. McGrath, 1882-1884.</subfield></datafield><datafield ind1=" " ind2=" " tag="580"><subfield code="a">Merged with: Paris post (Paris, Tenn.), to form: Paris post-intelligencer. Cf. Gregory, W. Amer. newspapers.</subfield></datafield><datafield ind1=" " ind2=" " tag="588"><subfield code="a">Description based on: Vol. 1, no. 4 (Apr. 20, 1866).</subfield></datafield><datafield ind1=" " ind2="0" tag="651"><subfield code="a">Paris (Tenn.)</subfield><subfield code="v">Newspapers.</subfield></datafield><datafield ind1=" " ind2="0" tag="651"><subfield code="a">Henry County (Tenn.)</subfield><subfield code="v">Newspapers.</subfield></datafield><datafield ind1=" " ind2="7" tag="655"><subfield code="a">Newspapers.</subfield><subfield code="2">fast</subfield><subfield code="0">(OCoLC)fst01423814</subfield></datafield><datafield ind1=" " ind2="7" tag="651"><subfield code="a">Tennessee</subfield><subfield code="z">Henry County.</subfield><subfield code="2">fast</subfield><subfield code="0">(OCoLC)fst01221712</subfield></datafield><datafield ind1=" " ind2="7" tag="651"><subfield code="a">Tennessee</subfield><subfield code="z">Paris.</subfield><subfield code="2">fast</subfield><subfield code="0">(OCoLC)fst01221711</subfield></datafield><datafield ind1=" " ind2=" " tag="752"><subfield code="a">United States</subfield><subfield code="b">Tennessee</subfield><subfield code="c">Henry</subfield><subfield code="d">Paris.</subfield></datafield><datafield ind1="1" ind2="7" tag="785"><subfield code="t">Paris post (Paris, Tenn.)</subfield><subfield code="w">(DLC)sn 89058283</subfield></datafield><datafield ind1="1" ind2="7" tag="785"><subfield code="t">Paris post-intelligencer</subfield><subfield code="w">(DLC)sn 87008333</subfield></datafield></record>